<record><leader>00000cas a22000007a 4500</leader><controlfield tag="001">33273155</controlfield><controlfield tag="008">951011d19851987nyuwr ne      0    0eng d</controlfield><datafield ind1=" " ind2=" " tag="010"><subfield code="a">sn 96083529 </subfield></datafield><datafield ind1=" " ind2=" " tag="040"><subfield code="a">NYS</subfield><subfield code="b">eng</subfield><subfield code="c">NYS</subfield><subfield code="d">OCLCQ</subfield><subfield code="d">OCLCO</subfield></datafield><datafield ind1="1" ind2=" " tag="029"><subfield code="a">AU@</subfield><subfield code="b">000012679653</subfield></datafield><datafield ind1=" " ind2=" " tag="042"><subfield code="a">msc</subfield></datafield><datafield ind1=" " ind2=" " tag="043"><subfield code="a">n-us-ny</subfield></datafield><datafield ind1="0" ind2="0" tag="245"><subfield code="a">Bay area review.</subfield></datafield><datafield ind1=" " ind2=" " tag="260"><subfield code="a">Bohemia, N.Y. :</subfield><subfield code="b">Review Graphics,</subfield><subfield code="c">-1987.</subfield></datafield><datafield ind1=" " ind2=" " tag="300"><subfield code="a">2 v.</subfield></datafield><datafield ind1=" " ind2=" " tag="310"><subfield code="a">Weekly</subfield></datafield><datafield ind1="1" ind2=" " tag="362"><subfield code="a">Began in 1985?</subfield></datafield><datafield ind1="0" ind2=" " tag="362"><subfield code="a">-v. 2, no. 51 (Oct. 15 1987).</subfield></datafield><datafield ind1=" " ind2=" " tag="500"><subfield code="a">Serving Bayport, Bluepoint, Bohemia, Holbrook, Sayville, Oakdale &amp; Fire Island.</subfield></datafield><datafield ind1=" " ind2=" " tag="588"><subfield code="a">Description based on: Vol. 1, no. 22 (Mar. 13, 1986).</subfield></datafield><datafield ind1=" " ind2="0" tag="651"><subfield code="a">Bohemia (N.Y.)</subfield><subfield code="v">Newspapers.</subfield></datafield><datafield ind1=" " ind2="0" tag="651"><subfield code="a">Holbrook (N.Y.)</subfield><subfield code="v">Newspapers.</subfield></datafield><datafield ind1=" " ind2="0" tag="651"><subfield code="a">Bayport (N.Y.)</subfield><subfield code="v">Newspapers.</subfield></datafield><datafield ind1=" " ind2="0" tag="651"><subfield code="a">Blue Point (N.Y.)</subfield><subfield code="v">Newspapers.</subfield></datafield><datafield ind1=" " ind2="0" tag="651"><subfield code="a">Sayville (N.Y.)</subfield><subfield code="x">Newpspapers.</subfield></datafield><datafield ind1=" " ind2="0" tag="651"><subfield code="a">Oakdale (N.Y.)</subfield><subfield code="v">Newspapers.</subfield></datafield><datafield ind1=" " ind2="0" tag="651"><subfield code="a">Suffolk County (N.Y.)</subfield><subfield code="v">Newspapers.</subfield></datafield><datafield ind1=" " ind2=" " tag="752"><subfield code="a">United States</subfield><subfield code="b">New York</subfield><subfield code="c">Suffolk</subfield><subfield code="d">Bohemia.</subfield></datafield><datafield ind1="0" ind2="0" tag="780"><subfield code="t">Review (Bohemia, N.Y. : 1984)</subfield><subfield code="w">(DLC)sn 96083528</subfield><subfield code="w">(OCoLC)33273022</subfield></datafield><datafield ind1="0" ind2="0" tag="785"><subfield code="t">Review (Bohemia, N.Y. : 1987)</subfield><subfield code="w">(DLC)sn 96083526</subfield><subfield code="w">(OCoLC)33273227</subfield></datafield></record>